<?xml version = "1.0" encoding = "UTF-8"?><record>
  <leader>02279nas#a2200589#c#4500</leader>
  <controlfield tag="005">20210730224100.0</controlfield>
  <controlfield tag="007">cr#|||||||||||</controlfield>
  <controlfield tag="008">991122m19949999xxu#|#p#o#####|####|eng#c</controlfield>
  <controlfield tag="003">DE-605</controlfield>
  <controlfield tag="001">990056673640206441</controlfield>
  <datafield tag="016" ind1="7" ind2=" ">
    <subfield code="a">019658389</subfield>
    <subfield code="2">DE-101b</subfield>
  </datafield>
  <datafield tag="016" ind1="7" ind2=" ">
    <subfield code="a">1472746-8</subfield>
    <subfield code="2">DE-600</subfield>
  </datafield>
  <datafield tag="016" ind1="7" ind2=" ">
    <subfield code="a">163425681</subfield>
    <subfield code="2">OCoLC</subfield>
  </datafield>
  <datafield tag="022" ind1=" " ind2=" ">
    <subfield code="a">1089-7674</subfield>
  </datafield>
  <datafield tag="022" ind1=" " ind2=" ">
    <subfield code="l">1070-664X</subfield>
    <subfield code="0">(uri) http://worldcat.org/issn/1070-664X</subfield>
  </datafield>
  <datafield tag="030" ind1=" " ind2=" ">
    <subfield code="a">PHPAEN</subfield>
  </datafield>
  <datafield tag="035" ind1=" " ind2=" ">
    <subfield code="a">(DE-605)HT010726584</subfield>
  </datafield>
  <datafield tag="040" ind1=" " ind2=" ">
    <subfield code="a">9001</subfield>
    <subfield code="b">ger</subfield>
    <subfield code="c">DNB</subfield>
    <subfield code="d">9001</subfield>
    <subfield code="d">DE-605</subfield>
  </datafield>
  <datafield tag="041" ind1=" " ind2=" ">
    <subfield code="a">eng</subfield>
  </datafield>
  <datafield tag="044" ind1=" " ind2=" ">
    <subfield code="c">XD-US</subfield>
  </datafield>
  <datafield tag="084" ind1=" " ind2=" ">
    <subfield code="a">530</subfield>
    <subfield code="q">DE-600</subfield>
    <subfield code="2">zdbs</subfield>
  </datafield>
  <datafield tag="090" ind1=" " ind2=" ">
    <subfield code="n">nk</subfield>
    <subfield code="n">nl</subfield>
  </datafield>
  <datafield tag="245" ind1="0" ind2="0">
    <subfield code="a">Physics of plasmas</subfield>
    <subfield code="b">devoted to original contributions to and reviews of the physics of plasmas, including magnetofluid mechanics, kinetic theory and statistical mechanics of fully and partially ionized gases</subfield>
    <subfield code="c">publ. by the American Institute of Physics</subfield>
  </datafield>
  <datafield tag="264" ind1="3" ind2="1">
    <subfield code="a">[S.l.]</subfield>
    <subfield code="b">American Institute of Physics</subfield>
    <subfield code="c">1994-</subfield>
    <subfield code="3">1994-</subfield>
  </datafield>
  <datafield tag="300" ind1=" " ind2=" ">
    <subfield code="a">Online-Ressource</subfield>
  </datafield>
  <datafield tag="336" ind1=" " ind2=" ">
    <subfield code="b">txt</subfield>
  </datafield>
  <datafield tag="337" ind1=" " ind2=" ">
    <subfield code="b">c</subfield>
  </datafield>
  <datafield tag="338" ind1=" " ind2=" ">
    <subfield code="b">cr</subfield>
  </datafield>
  <datafield tag="362" ind1="0" ind2=" ">
    <subfield code="a">1.1994 -</subfield>
  </datafield>
  <datafield tag="363" ind1="0" ind2="1">
    <subfield code="8">1.1\x</subfield>
    <subfield code="a">1</subfield>
    <subfield code="i">1994</subfield>
  </datafield>
  <datafield tag="689" ind1="0" ind2="0">
    <subfield code="a">Plasmaphysik</subfield>
    <subfield code="D">s</subfield>
    <subfield code="0">(DE-588)4046259-6</subfield>
    <subfield code="0">(uri) https://portal.dnb.de/opac.htm?method=simpleSearch&amp;cqlMode=true&amp;query=idn=040462595</subfield>
    <subfield code="0">(uri) http://viaf.org/viaf/sourceID/DNB|040462595</subfield>
    <subfield code="B">GND-040462595</subfield>
  </datafield>
  <datafield tag="689" ind1="0" ind2="1">
    <subfield code="a">Zeitschrift</subfield>
    <subfield code="D">s</subfield>
    <subfield code="0">(DE-588)4067488-5</subfield>
    <subfield code="0">(uri) https://portal.dnb.de/opac.htm?method=simpleSearch&amp;cqlMode=true&amp;query=idn=040674886</subfield>
    <subfield code="0">(uri) http://viaf.org/viaf/sourceID/DNB|040674886</subfield>
    <subfield code="B">GND-040674886</subfield>
  </datafield>
  <datafield tag="689" ind1="0" ind2="2">
    <subfield code="a">Online-Ressource</subfield>
    <subfield code="D">s</subfield>
    <subfield code="0">(DE-588)4511937-5</subfield>
    <subfield code="0">(uri) https://portal.dnb.de/opac.htm?method=simpleSearch&amp;cqlMode=true&amp;query=idn=954353331</subfield>
    <subfield code="0">(uri) http://viaf.org/viaf/sourceID/DNB|954353331</subfield>
    <subfield code="B">GND-954353331</subfield>
  </datafield>
  <datafield tag="689" ind1="0" ind2=" ">
    <subfield code="5">ZDB</subfield>
  </datafield>
  <datafield tag="856" ind1="4" ind2="0">
    <subfield code="u">http://www.bibliothek.uni-regensburg.de/ezeit/?1472746</subfield>
    <subfield code="x">EZB</subfield>
  </datafield>
  <datafield tag="856" ind1="4" ind2="0">
    <subfield code="u">https://aip.scitation.org/journal/php</subfield>
    <subfield code="x">Verlag; 1.1994 -</subfield>
  </datafield>
  <datafield tag="856" ind1="4" ind2="0">
    <subfield code="u">https://aip.scitation.org/journal/php</subfield>
    <subfield code="x">Verlag; 1.1994 - 20.2013</subfield>
    <subfield code="z">Deutschlandweit zug&#228;nglich</subfield>
  </datafield>
  <datafield tag="889" ind1=" " ind2=" ">
    <subfield code="w">(DE-600)2070158-5</subfield>
  </datafield>
  <datafield tag="912" ind1=" " ind2=" ">
    <subfield code="a">ZDB-1-AIP</subfield>
  </datafield>
  <datafield tag="912" ind1=" " ind2=" ">
    <subfield code="a">ZDB-1-AIPO</subfield>
  </datafield>
  <datafield tag="960" ind1="1" ind2=" ">
    <subfield code="i">izdb</subfield>
  </datafield>
  <datafield tag="962" ind1=" " ind2=" ">
    <subfield code="e">ZDB-1-AIP</subfield>
    <subfield code="e">ZDB-1-AIPO</subfield>
  </datafield>
  <datafield tag="964" ind1="0" ind2="s">
    <subfield code="F">030</subfield>
    <subfield code="A">a||u|||||||37</subfield>
  </datafield>
  <datafield tag="964" ind1="0" ind2="s">
    <subfield code="F">050</subfield>
    <subfield code="A">||||||||g|||||</subfield>
  </datafield>
  <datafield tag="964" ind1="0" ind2="s">
    <subfield code="F">052</subfield>
    <subfield code="A">p||||||a|||||||</subfield>
  </datafield>
  <datafield tag="035" ind1=" " ind2=" ">
    <subfield code="a">(DE-600)1472746-8</subfield>
  </datafield>
  <datafield tag="035" ind1=" " ind2=" ">
    <subfield code="a">(OCoLC)163425681</subfield>
    <subfield code="0">(uri) http://www.worldcat.org/oclc/163425681</subfield>
  </datafield>
  <datafield tag="035" ind1=" " ind2=" ">
    <subfield code="a">(DE-599)ZDB1472746-8</subfield>
  </datafield>
  <datafield tag="776" ind1="0" ind2="8">
    <subfield code="i">CD-ROM-Ausg.</subfield>
    <subfield code="t">Physics of plasmas</subfield>
    <subfield code="d">[S.l.] : American Institute of Physics, 2002-</subfield>
    <subfield code="h">CD-ROMs</subfield>
    <subfield code="x">1527-2419</subfield>
    <subfield code="w">(DE-605)HT013448878</subfield>
    <subfield code="0">(uri) http://worldcat.org/issn/1527-2419</subfield>
  </datafield>
  <datafield tag="776" ind1="0" ind2="8">
    <subfield code="i">Druckausg.</subfield>
    <subfield code="t">Physics of plasmas</subfield>
    <subfield code="d">Melville, NY : AIP, 1994-</subfield>
    <subfield code="x">1070-664X</subfield>
    <subfield code="w">(DE-605)HT006157459</subfield>
    <subfield code="0">(uri) http://worldcat.org/issn/1070-664X</subfield>
  </datafield>
  <datafield tag="780" ind1="0" ind2="0">
    <subfield code="i">Vorg.:</subfield>
    <subfield code="t">Physics of fluids / B. B, Plasma physics</subfield>
    <subfield code="d">New York, NY : American Institute of Physics, 1989-1993</subfield>
    <subfield code="h">Online-Ressource</subfield>
    <subfield code="x">2163-503X</subfield>
    <subfield code="w">(DE-605)HT013889657</subfield>
  </datafield>
  <datafield tag="655" ind1=" " ind2="7">
    <subfield code="a">Zeitschrift</subfield>
    <subfield code="0">(DE-588)4067488-5</subfield>
    <subfield code="2">gnd-content</subfield>
    <subfield code="0">(uri) https://portal.dnb.de/opac.htm?method=simpleSearch&amp;cqlMode=true&amp;query=idn=040674886</subfield>
    <subfield code="0">(uri) http://viaf.org/viaf/sourceID/DNB|040674886</subfield>
    <subfield code="B">GND-040674886</subfield>
  </datafield>
  <datafield tag="591" ind1=" " ind2=" ">
    <subfield code="a">355+C!URL-&#196;.(11-10-13)</subfield>
  </datafield>
  <datafield tag="MBD" ind1=" " ind2=" ">
    <subfield code="M">49HBZ_NETWORK</subfield>
    <subfield code="i">990056673640206441</subfield>
    <subfield code="n">HBZ Network</subfield>
  </datafield>
  <datafield tag="MNG" ind1=" " ind2=" ">
    <subfield code="c">System</subfield>
    <subfield code="f">HBZ</subfield>
    <subfield code="i">marc21</subfield>
    <subfield code="h">20210730224100.0</subfield>
    <subfield code="k">01</subfield>
    <subfield code="e">false</subfield>
    <subfield code="d">2021-07-30 23:09:23 Europe/Berlin</subfield>
    <subfield code="g">005667364-HBZ01</subfield>
    <subfield code="j">90</subfield>
    <subfield code="a">import</subfield>
    <subfield code="b">2021-04-05 13:57:03 Europe/Berlin</subfield>
  </datafield>
  <datafield tag="GST" ind1=" " ind2=" ">
    <subfield code="a">Netzpublikation</subfield>
    <subfield code="A">GND</subfield>
    <subfield code="B">GND-954353331</subfield>
    <subfield code="C">450</subfield>
  </datafield>
  <datafield tag="GST" ind1=" " ind2=" ">
    <subfield code="a">Online-Publikation</subfield>
    <subfield code="A">GND</subfield>
    <subfield code="B">GND-954353331</subfield>
    <subfield code="C">450</subfield>
  </datafield>
  <datafield tag="GST" ind1=" " ind2=" ">
    <subfield code="a">Computerdatei im Fernzugriff</subfield>
    <subfield code="g">Formschlagwort</subfield>
    <subfield code="A">GND</subfield>
    <subfield code="B">GND-954353331</subfield>
    <subfield code="C">450</subfield>
  </datafield>
  <datafield tag="GST" ind1=" " ind2=" ">
    <subfield code="a">Online-Dokument</subfield>
    <subfield code="A">GND</subfield>
    <subfield code="B">GND-954353331</subfield>
    <subfield code="C">450</subfield>
  </datafield>
  <datafield tag="GST" ind1=" " ind2=" ">
    <subfield code="a">On-line-Dokument</subfield>
    <subfield code="A">GND</subfield>
    <subfield code="B">GND-954353331</subfield>
    <subfield code="C">450</subfield>
  </datafield>
  <datafield tag="GST" ind1=" " ind2=" ">
    <subfield code="a">On-line-Publikation</subfield>
    <subfield code="A">GND</subfield>
    <subfield code="B">GND-954353331</subfield>
    <subfield code="C">450</subfield>
  </datafield>
  <datafield tag="GSI" ind1="7" ind2=" ">
    <subfield code="a">http://d-nb.info/gnd/4511937-5</subfield>
    <subfield code="2">uri</subfield>
    <subfield code="A">GND</subfield>
    <subfield code="B">GND-954353331</subfield>
    <subfield code="C">024</subfield>
  </datafield>
  <datafield tag="GST" ind1=" " ind2=" ">
    <subfield code="a">Periodikum</subfield>
    <subfield code="A">GND</subfield>
    <subfield code="B">GND-040674886</subfield>
    <subfield code="C">450</subfield>
  </datafield>
  <datafield tag="GST" ind1=" " ind2=" ">
    <subfield code="a">Zeitschriften</subfield>
    <subfield code="A">GND</subfield>
    <subfield code="B">GND-040674886</subfield>
    <subfield code="C">450</subfield>
  </datafield>
  <datafield tag="GSI" ind1="7" ind2=" ">
    <subfield code="a">http://d-nb.info/gnd/4067488-5</subfield>
    <subfield code="2">uri</subfield>
    <subfield code="A">GND</subfield>
    <subfield code="B">GND-040674886</subfield>
    <subfield code="C">024</subfield>
  </datafield>
  <datafield tag="GSI" ind1="7" ind2=" ">
    <subfield code="a">4046259-6</subfield>
    <subfield code="0">http://d-nb.info/gnd/4046259-6</subfield>
    <subfield code="2">gnd</subfield>
    <subfield code="A">GND</subfield>
    <subfield code="B">GND-040462595</subfield>
    <subfield code="C">024</subfield>
  </datafield>
  <datafield tag="GST" ind1=" " ind2=" ">
    <subfield code="a">Periodikum</subfield>
    <subfield code="A">GND-CONTENT</subfield>
    <subfield code="B">GND-040674886</subfield>
    <subfield code="C">450</subfield>
  </datafield>
  <datafield tag="GST" ind1=" " ind2=" ">
    <subfield code="a">Zeitschriften</subfield>
    <subfield code="A">GND-CONTENT</subfield>
    <subfield code="B">GND-040674886</subfield>
    <subfield code="C">450</subfield>
  </datafield>
  <datafield tag="GSI" ind1="7" ind2=" ">
    <subfield code="a">http://d-nb.info/gnd/4067488-5</subfield>
    <subfield code="2">uri</subfield>
    <subfield code="A">GND-CONTENT</subfield>
    <subfield code="B">GND-040674886</subfield>
    <subfield code="C">024</subfield>
  </datafield>
</record>